[gd_resource type="Theme" load_steps=13 format=2]

[ext_resource path="res://Interface/Fonts/SayDo/SayDo14.tres" type="DynamicFont" id=1]
[ext_resource path="res://Common/UI/Style/TexBGStyleBoxFlat.tres" type="StyleBox" id=2]
[ext_resource path="res://Interface/Themes/SpookyPanel.tres" type="StyleBox" id=3]
[ext_resource path="res://Common/UI/Style/TexFGStyleBoxFlat.tres" type="StyleBox" id=4]
[ext_resource path="res://Interface/Themes/SpookySpookyLineEdit.tres" type="StyleBox" id=5]
[ext_resource path="res://Interface/Fonts/SayDo/SayDo20Borderless.tres" type="DynamicFont" id=6]

[sub_resource type="StyleBoxFlat" id=1]
content_margin_left = 8.0
content_margin_right = 8.0
content_margin_top = 4.0
content_margin_bottom = 0.0
bg_color = Color( 0.466667, 0.447059, 0.486275, 1 )
border_width_left = 3
border_width_top = 2
border_width_right = 2
border_width_bottom = 3
border_color = Color( 0.384314, 0.384314, 0.384314, 1 )
border_blend = true
corner_radius_top_left = 25
corner_radius_top_right = 25
corner_radius_bottom_right = 25
corner_radius_bottom_left = 25
shadow_color = Color( 0.172549, 0.188235, 0.360784, 0.6 )
shadow_size = 2

[sub_resource type="StyleBoxFlat" id=2]
bg_color = Color( 1, 0.8925, 0.57, 1 )
border_color = Color( 0.8, 0.713726, 0.454902, 1 )
corner_radius_top_left = 25
corner_radius_top_right = 25
corner_radius_bottom_right = 25
corner_radius_bottom_left = 25
shadow_color = Color( 0, 0, 0, 0.490196 )

[sub_resource type="StyleBoxFlat" id=3]
content_margin_left = 8.0
content_margin_right = 8.0
content_margin_top = 4.0
content_margin_bottom = 0.0
bg_color = Color( 0.901961, 0.803922, 0.513726, 1 )
border_width_left = 3
border_width_top = 2
border_width_right = 2
border_width_bottom = 3
border_color = Color( 0.8, 0.713726, 0.454902, 1 )
border_blend = true
corner_radius_top_left = 25
corner_radius_top_right = 25
corner_radius_bottom_right = 25
corner_radius_bottom_left = 25
shadow_color = Color( 0, 0.00392157, 0, 0.133333 )
shadow_size = 2

[sub_resource type="StyleBoxFlat" id=4]
bg_color = Color( 0.8, 0.714, 0.456, 1 )
border_width_left = 1
border_width_top = 1
border_width_right = 1
border_width_bottom = 1
border_color = Color( 0.8, 0.713726, 0.454902, 1 )
corner_radius_top_left = 25
corner_radius_top_right = 25
corner_radius_bottom_right = 25
corner_radius_bottom_left = 25

[sub_resource type="StyleBoxFlat" id=5]
bg_color = Color( 0.713726, 0.772549, 1, 1 )
border_width_left = 5
border_width_top = 5
border_width_right = 5
border_width_bottom = 5
border_color = Color( 0.5964, 0.64512, 0.84, 1 )
border_blend = true
corner_radius_top_left = 5
corner_radius_top_right = 5
corner_radius_bottom_right = 5
corner_radius_bottom_left = 5
shadow_color = Color( 0.4189, 0.45312, 0.59, 1 )
shadow_size = 1

[sub_resource type="StyleBoxFlat" id=6]
bg_color = Color( 0.192157, 0.0313726, 0.4, 0.392157 )
border_width_left = 2
border_width_top = 2
border_width_right = 2
border_width_bottom = 2
border_color = Color( 0.0957333, 0.016, 0.2, 0.796078 )
border_blend = true
corner_radius_top_left = 2
corner_radius_top_right = 2
corner_radius_bottom_right = 2
corner_radius_bottom_left = 2
corner_detail = 4
shadow_color = Color( 0.0696, 0.012, 0.12, 0.65098 )
shadow_size = 1

[resource]
default_font = ExtResource( 6 )
Button/colors/font_color = Color( 0, 0, 0, 1 )
Button/colors/font_color_disabled = Color( 0.9, 0.9, 0.9, 0.2 )
Button/colors/font_color_hover = Color( 0, 0, 0, 1 )
Button/colors/font_color_pressed = Color( 0, 0, 0, 1 )
Button/constants/hseparation = 2
Button/fonts/font = null
Button/styles/disabled = SubResource( 1 )
Button/styles/focus = null
Button/styles/hover = SubResource( 2 )
Button/styles/normal = SubResource( 3 )
Button/styles/pressed = SubResource( 4 )
LineEdit/colors/clear_button_color = Color( 0.88, 0.88, 0.88, 1 )
LineEdit/colors/clear_button_color_pressed = Color( 1, 1, 1, 1 )
LineEdit/colors/cursor_color = Color( 0.94, 0.94, 0.94, 1 )
LineEdit/colors/font_color = Color( 0.88, 0.88, 0.88, 1 )
LineEdit/colors/font_color_selected = Color( 0, 0, 0, 1 )
LineEdit/colors/font_color_uneditable = Color( 0.88, 0.88, 0.88, 0.5 )
LineEdit/colors/selection_color = Color( 0.49, 0.49, 0.49, 1 )
LineEdit/constants/minimum_spaces = 12
LineEdit/fonts/font = null
LineEdit/icons/clear = null
LineEdit/styles/focus = ExtResource( 3 )
LineEdit/styles/normal = ExtResource( 5 )
LineEdit/styles/read_only = ExtResource( 3 )
Panel/styles/panel = SubResource( 5 )
PanelContainer/styles/panel = ExtResource( 3 )
ProgressBar/colors/font_color = Color( 0.94, 0.94, 0.94, 1 )
ProgressBar/colors/font_color_shadow = Color( 0, 0, 0, 1 )
ProgressBar/fonts/font = null
ProgressBar/styles/bg = ExtResource( 2 )
ProgressBar/styles/fg = ExtResource( 4 )
TooltipLabel/colors/font_color = Color( 1, 1, 1, 1 )
TooltipLabel/colors/font_color_shadow = Color( 0, 0, 0, 0.1 )
TooltipLabel/constants/shadow_offset_x = 1
TooltipLabel/constants/shadow_offset_y = 1
TooltipLabel/fonts/font = ExtResource( 1 )
TooltipPanel/styles/panel = SubResource( 6 )
