[gd_scene load_steps=45 format=2]

[ext_resource path="res://Actors/Host/Art/HOST_1 150121.png" type="Texture" id=1]
[ext_resource path="res://Actors/Host/Host.cs" type="Script" id=2]
[ext_resource path="res://Actors/Host/ControlState/AIState/SuspicionBar.png" type="Texture" id=3]
[ext_resource path="res://Actors/Host/Interface/BarForegroundR.tres" type="StyleBox" id=4]
[ext_resource path="res://Actors/Host/ControlState/AIState/SuspectArea2.png" type="Texture" id=5]
[ext_resource path="res://addons/Effects/Explosion/PlasmaSmoke.png" type="Texture" id=6]
[ext_resource path="res://addons/Effects/Explosion/ExplodeParticle.png" type="Texture" id=7]
[ext_resource path="res://addons/Effects/Explosion/ExplodeParticleRed.png" type="Texture" id=8]
[ext_resource path="res://addons/Effects/Explosion/Smoke.png" type="Texture" id=9]
[ext_resource path="res://addons/Effects/Explosion/ExplodeParticleBlue.png" type="Texture" id=10]

[sub_resource type="RectangleShape2D" id=1]
extents = Vector2( 26.2719, 58.507 )

[sub_resource type="RectangleShape2D" id=2]
extents = Vector2( 12.8598, 16.4856 )

[sub_resource type="StyleBoxFlat" id=3]
bg_color = Color( 0.14, 0.1302, 0.1302, 1 )
border_width_left = 4
border_width_top = 4
border_width_right = 4
border_width_bottom = 4
border_color = Color( 0.0705882, 0.0705882, 0.0705882, 1 )
border_blend = true
corner_radius_top_left = 4
corner_radius_top_right = 4
corner_radius_bottom_right = 4
corner_radius_bottom_left = 4
shadow_size = 1

[sub_resource type="Animation" id=4]
length = 0.5
tracks/0/type = "value"
tracks/0/path = NodePath(".:scale")
tracks/0/interp = 1
tracks/0/loop_wrap = true
tracks/0/imported = false
tracks/0/enabled = false
tracks/0/keys = {
"times": PoolRealArray( 0, 1.4 ),
"transitions": PoolRealArray( 6, 1 ),
"update": 0,
"values": [ Vector2( 1, 1 ), Vector2( 3, 3 ) ]
}
tracks/1/type = "value"
tracks/1/path = NodePath(".:modulate")
tracks/1/interp = 1
tracks/1/loop_wrap = true
tracks/1/imported = false
tracks/1/enabled = false
tracks/1/keys = {
"times": PoolRealArray( 0, 0.4 ),
"transitions": PoolRealArray( 4, 1 ),
"update": 0,
"values": [ Color( 1, 1, 1, 1 ), Color( 1, 0, 0.286275, 1 ) ]
}
tracks/2/type = "value"
tracks/2/path = NodePath("SmokeLayer:emitting")
tracks/2/interp = 1
tracks/2/loop_wrap = true
tracks/2/imported = false
tracks/2/enabled = false
tracks/2/keys = {
"times": PoolRealArray( 0, 0.2 ),
"transitions": PoolRealArray( 1, 1 ),
"update": 1,
"values": [ true, false ]
}
tracks/3/type = "value"
tracks/3/path = NodePath("Smoke:emitting")
tracks/3/interp = 1
tracks/3/loop_wrap = true
tracks/3/imported = false
tracks/3/enabled = false
tracks/3/keys = {
"times": PoolRealArray( 0, 0.2 ),
"transitions": PoolRealArray( 1, 1 ),
"update": 1,
"values": [ true, false ]
}
tracks/4/type = "value"
tracks/4/path = NodePath("Fire:modulate")
tracks/4/interp = 1
tracks/4/loop_wrap = true
tracks/4/imported = false
tracks/4/enabled = false
tracks/4/keys = {
"times": PoolRealArray( 0, 1.9 ),
"transitions": PoolRealArray( 6, 1 ),
"update": 0,
"values": [ Color( 1, 1, 1, 0 ), Color( 1, 1, 1, 1 ) ]
}
tracks/5/type = "value"
tracks/5/path = NodePath("Fire:emitting")
tracks/5/interp = 1
tracks/5/loop_wrap = true
tracks/5/imported = false
tracks/5/enabled = false
tracks/5/keys = {
"times": PoolRealArray( 0 ),
"transitions": PoolRealArray( 1 ),
"update": 1,
"values": [ false ]
}
tracks/6/type = "value"
tracks/6/path = NodePath("Fire:emitting")
tracks/6/interp = 1
tracks/6/loop_wrap = true
tracks/6/imported = false
tracks/6/enabled = false
tracks/6/keys = {
"times": PoolRealArray(  ),
"transitions": PoolRealArray(  ),
"update": 1,
"values": [  ]
}
tracks/7/type = "value"
tracks/7/path = NodePath("Node2D/Outer:emitting")
tracks/7/interp = 1
tracks/7/loop_wrap = true
tracks/7/imported = false
tracks/7/enabled = true
tracks/7/keys = {
"times": PoolRealArray( 0, 0.5 ),
"transitions": PoolRealArray( 1, 1 ),
"update": 1,
"values": [ true, false ]
}
tracks/8/type = "value"
tracks/8/path = NodePath("Node2D/Inner:emitting")
tracks/8/interp = 1
tracks/8/loop_wrap = true
tracks/8/imported = false
tracks/8/enabled = true
tracks/8/keys = {
"times": PoolRealArray( 0, 0.5 ),
"transitions": PoolRealArray( 1, 1 ),
"update": 1,
"values": [ true, false ]
}

[sub_resource type="Animation" id=5]
length = 0.5
tracks/0/type = "value"
tracks/0/path = NodePath(".:scale")
tracks/0/interp = 1
tracks/0/loop_wrap = true
tracks/0/imported = false
tracks/0/enabled = true
tracks/0/keys = {
"times": PoolRealArray( 0, 0.5 ),
"transitions": PoolRealArray( 4, 1 ),
"update": 0,
"values": [ Vector2( 1, 1 ), Vector2( 2, 2 ) ]
}

[sub_resource type="Animation" id=6]
resource_name = "Die"
length = 0.6
tracks/0/type = "value"
tracks/0/path = NodePath("Sprite:modulate")
tracks/0/interp = 1
tracks/0/loop_wrap = true
tracks/0/imported = false
tracks/0/enabled = true
tracks/0/keys = {
"times": PoolRealArray( 0, 0.2 ),
"transitions": PoolRealArray( 1.4, 1 ),
"update": 0,
"values": [ Color( 1, 1, 1, 1 ), Color( 1, 1, 1, 0 ) ]
}
tracks/1/type = "value"
tracks/1/path = NodePath("MainExplosion:emitting")
tracks/1/interp = 1
tracks/1/loop_wrap = true
tracks/1/imported = false
tracks/1/enabled = true
tracks/1/keys = {
"times": PoolRealArray( 0, 0.2 ),
"transitions": PoolRealArray( 1, 1 ),
"update": 1,
"values": [ true, false ]
}
tracks/2/type = "value"
tracks/2/path = NodePath("MainExplosion2:emitting")
tracks/2/interp = 1
tracks/2/loop_wrap = true
tracks/2/imported = false
tracks/2/enabled = true
tracks/2/keys = {
"times": PoolRealArray( 0, 0.2 ),
"transitions": PoolRealArray( 1, 1 ),
"update": 1,
"values": [ true, false ]
}

[sub_resource type="Animation" id=7]
resource_name = "Infest"
length = 0.4
tracks/0/type = "value"
tracks/0/path = NodePath(".:scale")
tracks/0/interp = 1
tracks/0/loop_wrap = true
tracks/0/imported = false
tracks/0/enabled = true
tracks/0/keys = {
"times": PoolRealArray( 0, 0.3, 0.4 ),
"transitions": PoolRealArray( 3, 1, 1 ),
"update": 0,
"values": [ Vector2( 1, 1 ), Vector2( 2, 2 ), Vector2( 1, 1 ) ]
}
tracks/1/type = "value"
tracks/1/path = NodePath("PartInfest1:emitting")
tracks/1/interp = 1
tracks/1/loop_wrap = true
tracks/1/imported = false
tracks/1/enabled = true
tracks/1/keys = {
"times": PoolRealArray( 0, 0.2 ),
"transitions": PoolRealArray( 1, 1 ),
"update": 1,
"values": [ true, false ]
}
tracks/2/type = "value"
tracks/2/path = NodePath("PartInfest2:emitting")
tracks/2/interp = 1
tracks/2/loop_wrap = true
tracks/2/imported = false
tracks/2/enabled = true
tracks/2/keys = {
"times": PoolRealArray( 0, 0.2 ),
"transitions": PoolRealArray( 1, 1 ),
"update": 1,
"values": [ true, false ]
}

[sub_resource type="Animation" id=8]
length = 0.6
tracks/0/type = "value"
tracks/0/path = NodePath("Sprite:scale")
tracks/0/interp = 1
tracks/0/loop_wrap = true
tracks/0/imported = false
tracks/0/enabled = false
tracks/0/keys = {
"times": PoolRealArray( 0, 0.9 ),
"transitions": PoolRealArray( 4, 1 ),
"update": 0,
"values": [ Vector2( 1, 1 ), Vector2( 2, 2 ) ]
}
tracks/1/type = "value"
tracks/1/path = NodePath(".:scale")
tracks/1/interp = 1
tracks/1/loop_wrap = true
tracks/1/imported = false
tracks/1/enabled = false
tracks/1/keys = {
"times": PoolRealArray( 0, 0.9 ),
"transitions": PoolRealArray( 6, 1 ),
"update": 0,
"values": [ Vector2( 1, 1 ), Vector2( 2, 2 ) ]
}
tracks/2/type = "value"
tracks/2/path = NodePath("LevelUpParticles:emitting")
tracks/2/interp = 1
tracks/2/loop_wrap = true
tracks/2/imported = false
tracks/2/enabled = true
tracks/2/keys = {
"times": PoolRealArray( 0, 0.6 ),
"transitions": PoolRealArray( 1, 1 ),
"update": 1,
"values": [ true, false ]
}

[sub_resource type="Animation" id=9]
length = 1.5
loop = true
tracks/0/type = "value"
tracks/0/path = NodePath(".:scale")
tracks/0/interp = 1
tracks/0/loop_wrap = true
tracks/0/imported = false
tracks/0/enabled = true
tracks/0/keys = {
"times": PoolRealArray( 0, 0.75, 1.5 ),
"transitions": PoolRealArray( 1, 1, 1 ),
"update": 0,
"values": [ Vector2( 1, 1 ), Vector2( 1.02, 1.02 ), Vector2( 1, 1 ) ]
}

[sub_resource type="Animation" id=10]
resource_name = "WalkDown"
length = 1.2
loop = true
tracks/0/type = "value"
tracks/0/path = NodePath("Sprite:frame")
tracks/0/interp = 1
tracks/0/loop_wrap = true
tracks/0/imported = false
tracks/0/enabled = true
tracks/0/keys = {
"times": PoolRealArray( 0, 0.2, 0.4, 0.6, 0.8, 1 ),
"transitions": PoolRealArray( 1, 1, 1, 1, 1, 1 ),
"update": 1,
"values": [ 6, 7, 8, 9, 10, 11 ]
}

[sub_resource type="Animation" id=11]
length = 1.2
loop = true
tracks/0/type = "value"
tracks/0/path = NodePath("Sprite:frame")
tracks/0/interp = 1
tracks/0/loop_wrap = true
tracks/0/imported = false
tracks/0/enabled = true
tracks/0/keys = {
"times": PoolRealArray( 0, 0.2, 0.4, 0.6, 0.8, 1 ),
"transitions": PoolRealArray( 1, 1, 1, 1, 1, 1 ),
"update": 1,
"values": [ 12, 13, 14, 15, 16, 17 ]
}

[sub_resource type="Animation" id=12]
length = 1.2
loop = true
tracks/0/type = "value"
tracks/0/path = NodePath("Sprite:frame")
tracks/0/interp = 1
tracks/0/loop_wrap = true
tracks/0/imported = false
tracks/0/enabled = true
tracks/0/keys = {
"times": PoolRealArray( 0, 0.2, 0.4, 0.6, 0.8, 1 ),
"transitions": PoolRealArray( 1, 1, 1, 1, 1, 1 ),
"update": 1,
"values": [ 0, 1, 2, 3, 4, 5 ]
}

[sub_resource type="CanvasItemMaterial" id=13]
blend_mode = 1

[sub_resource type="Curve" id=14]
min_value = -200.0
max_value = 500.0
_data = [ Vector2( 0, 353.796 ), 0.0, 5413.33, 0, 0, Vector2( 0.350575, 45.4915 ), -499.98, -499.98, 0, 0, Vector2( 1, -3.59943 ), 0.0, 0.0, 0, 0 ]

[sub_resource type="Curve" id=15]
min_value = 0.25
_data = [ Vector2( 0, 0.99665 ), 0.0, -0.0191349, 0, 0, Vector2( 0.994253, 0.260286 ), -0.412648, 0.0, 0, 0 ]

[sub_resource type="Gradient" id=16]
offsets = PoolRealArray( 0, 0.205298, 0.443709, 1 )
colors = PoolColorArray( 1, 1, 1, 1, 1, 0, 0, 1, 0.941176, 0, 1, 1, 1, 0.309804, 0, 1 )

[sub_resource type="Curve" id=17]
min_value = -200.0
max_value = 200.0
_data = [ Vector2( 0, 200 ), 0.0, 0.0, 0, 0, Vector2( 0.942529, -200 ), 0.0, 0.0, 0, 0 ]

[sub_resource type="Curve" id=18]
max_value = 6.0
_data = [ Vector2( 0, 0.00128508 ), 0.0, 0.0, 0, 0, Vector2( 0.201149, 0.565909 ), 3.51515, 3.51515, 0, 0, Vector2( 1, 0 ), 0.0, 0.0, 0, 0 ]

[sub_resource type="Gradient" id=19]
offsets = PoolRealArray( 0, 0.225166, 0.834437, 1 )
colors = PoolColorArray( 1, 1, 1, 0, 1, 1, 1, 1, 1, 1, 1, 1, 1, 1, 1, 0 )

[sub_resource type="CanvasItemMaterial" id=20]
blend_mode = 1

[sub_resource type="Curve" id=21]
min_value = -200.0
max_value = 500.0
_data = [ Vector2( 0, 353.796 ), 0.0, 5413.33, 0, 0, Vector2( 0.350575, 45.4915 ), -499.98, -499.98, 0, 0, Vector2( 1, -3.59943 ), 0.0, 0.0, 0, 0 ]

[sub_resource type="Curve" id=22]
min_value = 0.25
_data = [ Vector2( 0, 0.99665 ), 0.0, -0.0191349, 0, 0, Vector2( 0.994253, 0.260286 ), -0.412648, 0.0, 0, 0 ]

[sub_resource type="Gradient" id=23]
offsets = PoolRealArray( 0, 0.205298, 0.443709, 1 )
colors = PoolColorArray( 0.57, 0.3762, 0.3762, 1, 0.32, 0.144, 0.144, 1, 0.2, 0.052, 0.052, 1, 0.0784314, 0, 0, 0.839216 )

[sub_resource type="Curve" id=24]
min_value = -200.0
max_value = 300.0
_data = [ Vector2( 0, 194.508 ), 0.0, 1397.21, 0, 0, Vector2( 0.41954, -113.636 ), -2987.88, -14.3009, 0, 1, Vector2( 0.994253, -121.855 ), 0.0, 0.0, 0, 0 ]

[sub_resource type="Curve" id=25]
max_value = 3.0
_data = [ Vector2( 0, 1.46332 ), 0.0, 0.0, 0, 0, Vector2( 0.988506, 3 ), 2.49761, 0.0, 0, 0 ]

[sub_resource type="Gradient" id=26]
offsets = PoolRealArray( 0, 0.0529801, 1 )
colors = PoolColorArray( 1, 1, 1, 0, 1, 1, 1, 1, 0.992157, 0.992157, 0.992157, 0.133333 )

[sub_resource type="Curve" id=27]
max_value = 5.0
_data = [ Vector2( 0, 0.990441 ), 0.0, 6.84629, 0, 0, Vector2( 0.977011, 1 ), -6.81432, 0.0, 0, 0 ]

[sub_resource type="Gradient" id=28]
offsets = PoolRealArray( 0, 0.582781, 1 )
colors = PoolColorArray( 1, 1, 1, 0.439216, 1, 0.560784, 0, 0.886275, 0.8, 0, 0, 0 )

[sub_resource type="Curve" id=29]
max_value = 5.0
_data = [ Vector2( 0.0344828, 0.869318 ), 0.0, 5.12077, 0, 0, Vector2( 0.528736, 1.55114 ), 0.0, 0.0, 0, 0, Vector2( 0.862069, 0.034091 ), -8.10682, 0.0, 0, 0 ]

[sub_resource type="Gradient" id=30]
offsets = PoolRealArray( 0, 0.774834, 1 )
colors = PoolColorArray( 1, 1, 1, 0.282353, 0.368627, 0.835294, 0.937255, 0.247059, 1, 1, 1, 0.235294 )

[sub_resource type="Curve" id=31]
_data = [ Vector2( 0, 0.990441 ), 0.0, 3.86667, 0, 0, Vector2( 0.977011, 1 ), 0.0, 0.0, 0, 0 ]

[sub_resource type="Gradient" id=32]
offsets = PoolRealArray( 0, 0.582781, 1 )
colors = PoolColorArray( 1, 1, 1, 0.439216, 1, 0.560784, 0, 0.886275, 0.8, 0, 0, 0 )

[sub_resource type="Curve" id=33]
_data = [ Vector2( 0, 0.990441 ), 0.0, 3.86667, 0, 0, Vector2( 0.977011, 1 ), 0.0, 0.0, 0, 0 ]

[sub_resource type="Gradient" id=34]
offsets = PoolRealArray( 0, 0.582781, 1 )
colors = PoolColorArray( 1, 1, 1, 0.439216, 1, 0.560784, 0, 0.886275, 0.8, 0, 0, 0 )

[node name="Host" type="KinematicBody2D" groups=[
"MiniMapObjects",
]]
position = Vector2( 488.448, 313.146 )
collision_layer = 5
collision_mask = 5
script = ExtResource( 2 )

[node name="TextureProgress" type="TextureProgress" parent="."]
visible = false
margin_left = -31.0
margin_top = -65.0
margin_right = 39.0
margin_bottom = -36.0
step = 5.0
value = 50.0
texture_under = ExtResource( 3 )
texture_over = ExtResource( 3 )
texture_progress = ExtResource( 3 )
tint_under = Color( 0, 0, 0, 1 )
tint_over = Color( 0.184314, 0.980392, 0.0117647, 1 )
tint_progress = Color( 0.756863, 0.137255, 0.560784, 1 )
nine_patch_stretch = true
__meta__ = {
"_edit_use_anchors_": false
}

[node name="Sprite" type="Sprite" parent="."]
position = Vector2( 0, -0.420448 )
scale = Vector2( 0.26, 0.26 )
texture = ExtResource( 1 )
flip_h = true
vframes = 2
hframes = 9
frame = 1

[node name="CntSuspectArea" type="Node2D" parent="."]

[node name="SuspectArea" type="Sprite" parent="CntSuspectArea"]
modulate = Color( 1, 0.913725, 0, 0.0980392 )
position = Vector2( 312.336, 1.63641 )
scale = Vector2( 1.628, 0.95 )
texture = ExtResource( 5 )

[node name="HostDetectArea" type="Area2D" parent="."]
collision_layer = 2
collision_mask = 0

[node name="CollisionShape2D" type="CollisionShape2D" parent="HostDetectArea"]
position = Vector2( 1.33633, 2.52554 )
shape = SubResource( 1 )

[node name="Shape" type="CollisionShape2D" parent="."]
position = Vector2( -2.17866, 40.685 )
shape = SubResource( 2 )

[node name="IdleAITimer" type="Timer" parent="."]
wait_time = 5.0
one_shot = true

[node name="CollisionRayDown" type="RayCast2D" parent="."]
visible = false
position = Vector2( 0, 15 )
enabled = true
cast_to = Vector2( 0, 36 )
collision_mask = 5
collide_with_areas = true

[node name="CollisionRayUp" type="RayCast2D" parent="."]
visible = false
position = Vector2( 0, 15 )
enabled = true
cast_to = Vector2( 0, -36 )
collision_mask = 5
collide_with_areas = true

[node name="CollisionRayUpLeft" type="RayCast2D" parent="."]
visible = false
position = Vector2( 0, 15 )
enabled = true
cast_to = Vector2( 16, -33 )
collision_mask = 5
collide_with_areas = true

[node name="CollisionRayUpRight" type="RayCast2D" parent="."]
visible = false
position = Vector2( 0, 15 )
enabled = true
cast_to = Vector2( 37.5, -25 )
collision_mask = 5
collide_with_areas = true

[node name="CollisionRayDownLeft" type="RayCast2D" parent="."]
visible = false
position = Vector2( 0, 15 )
enabled = true
cast_to = Vector2( 16, 33 )
collision_mask = 5
collide_with_areas = true

[node name="CollisionRayDownRight" type="RayCast2D" parent="."]
visible = false
position = Vector2( 0, 15 )
enabled = true
cast_to = Vector2( 37.5, 25 )
collision_mask = 5
collide_with_areas = true

[node name="CollisionRayLeft" type="RayCast2D" parent="."]
visible = false
position = Vector2( 0, 15 )
cast_to = Vector2( -33, 0 )
collision_mask = 5
collide_with_areas = true

[node name="CollisionRayRight" type="RayCast2D" parent="."]
visible = false
position = Vector2( 0, 15 )
enabled = true
cast_to = Vector2( 50, 0 )
collision_mask = 5
collide_with_areas = true

[node name="Camera" type="Camera2D" parent="."]

[node name="DetectRay" type="RayCast2D" parent="."]
position = Vector2( 5, 0 )
enabled = true
cast_to = Vector2( 585, 0 )
collide_with_areas = true

[node name="DetectRay2" type="RayCast2D" parent="."]
position = Vector2( 5, 26 )
enabled = true
cast_to = Vector2( 585, 144 )
collide_with_areas = true

[node name="DetectRay8" type="RayCast2D" parent="."]
position = Vector2( 5, 18 )
enabled = true
cast_to = Vector2( 585, 108 )
collide_with_areas = true

[node name="DetectRay10" type="RayCast2D" parent="."]
position = Vector2( 5, 10 )
enabled = true
cast_to = Vector2( 585, 72 )
collide_with_areas = true

[node name="DetectRay11" type="RayCast2D" parent="."]
position = Vector2( 5, -10 )
enabled = true
cast_to = Vector2( 585, -72 )
collide_with_areas = true

[node name="DetectRay14" type="RayCast2D" parent="."]
position = Vector2( 5, -4.875 )
enabled = true
cast_to = Vector2( 585, -36 )
collide_with_areas = true

[node name="DetectRay15" type="RayCast2D" parent="."]
position = Vector2( 5, 4.93596 )
enabled = true
cast_to = Vector2( 585, 36 )
collide_with_areas = true

[node name="DetectRay9" type="RayCast2D" parent="."]
position = Vector2( 5, -18 )
enabled = true
cast_to = Vector2( 585, -108 )
collide_with_areas = true

[node name="DetectRay6" type="RayCast2D" parent="."]
position = Vector2( 5, 34 )
enabled = true
cast_to = Vector2( 585, 180 )
collide_with_areas = true

[node name="DetectRay7" type="RayCast2D" parent="."]
position = Vector2( 5, -34 )
enabled = true
cast_to = Vector2( 585, -180 )
collide_with_areas = true

[node name="DetectRay5" type="RayCast2D" parent="."]
position = Vector2( 5, 42 )
enabled = true
cast_to = Vector2( 585, 216 )
collide_with_areas = true

[node name="DetectRay13" type="RayCast2D" parent="."]
position = Vector2( 5, 50 )
enabled = true
cast_to = Vector2( 585, 252 )
collide_with_areas = true

[node name="DetectRay3" type="RayCast2D" parent="."]
position = Vector2( 5, -42 )
enabled = true
cast_to = Vector2( 585, -219 )
collide_with_areas = true

[node name="DetectRay12" type="RayCast2D" parent="."]
position = Vector2( 5, -50 )
enabled = true
cast_to = Vector2( 585, -255 )
collide_with_areas = true

[node name="DetectRay4" type="RayCast2D" parent="."]
position = Vector2( 5, -26 )
enabled = true
cast_to = Vector2( 585, -144 )
collide_with_areas = true

[node name="LblAIState" type="Label" parent="."]
visible = false
margin_left = -50.9693
margin_top = -73.6222
margin_right = -10.9693
margin_bottom = -59.6222
rect_scale = Vector2( 3, 3 )
align = 1
__meta__ = {
"_edit_use_anchors_": false
}

[node name="Label" type="Label" parent="."]
visible = false
margin_left = -47.1939
margin_top = 33.9796
margin_right = -7.19385
margin_bottom = 47.9796
rect_scale = Vector2( 3, 3 )
text = "host"
__meta__ = {
"_edit_use_anchors_": false
}

[node name="SuspicionBar" type="ProgressBar" parent="."]
visible = false
margin_left = -35.3177
margin_top = -68.0665
margin_right = 34.6823
margin_bottom = -54.0665
custom_styles/fg = ExtResource( 4 )
custom_styles/bg = SubResource( 3 )
value = 50.0
percent_visible = false
__meta__ = {
"_edit_use_anchors_": false
}

[node name="Anim" type="AnimationPlayer" parent="."]
anims/Caught = SubResource( 4 )
anims/ContaminatedHost = SubResource( 5 )
anims/Die = SubResource( 6 )
anims/Infest = SubResource( 7 )
anims/PerfectHost = SubResource( 8 )

[node name="AnimFrames" type="AnimationPlayer" parent="."]
anims/Idle = SubResource( 9 )
anims/WalkDown = SubResource( 10 )
anims/WalkSide = SubResource( 11 )
anims/WalkUp = SubResource( 12 )

[node name="InfestTimer" type="Timer" parent="."]
one_shot = true

[node name="PartInfest1" type="CPUParticles2D" parent="."]
material = SubResource( 13 )
position = Vector2( -1.79239, 0.724854 )
emitting = false
amount = 40
lifetime = 0.6
one_shot = true
speed_scale = 2.0
texture = ExtResource( 7 )
emission_shape = 2
emission_rect_extents = Vector2( 40, 40 )
spread = 180.0
gravity = Vector2( 0, 0 )
initial_velocity = 100.0
initial_velocity_random = 0.5
orbit_velocity = 22.0
linear_accel = 100.0
linear_accel_random = 0.2
linear_accel_curve = SubResource( 14 )
radial_accel = 22.0
scale_amount_random = 1.0
scale_amount_curve = SubResource( 15 )
color_ramp = SubResource( 16 )

[node name="PartInfest2" type="CPUParticles2D" parent="."]
show_behind_parent = true
material = SubResource( 13 )
position = Vector2( -1.79239, 0.724854 )
emitting = false
amount = 40
lifetime = 0.6
one_shot = true
speed_scale = 2.0
texture = ExtResource( 7 )
emission_shape = 2
emission_rect_extents = Vector2( 40, 40 )
spread = 180.0
gravity = Vector2( 0, 0 )
initial_velocity = 100.0
initial_velocity_random = 0.5
orbit_velocity = 22.0
linear_accel = 100.0
linear_accel_random = 0.2
linear_accel_curve = SubResource( 14 )
radial_accel = 22.0
scale_amount_random = 1.0
scale_amount_curve = SubResource( 15 )
color_ramp = SubResource( 16 )

[node name="SpawnParticles" type="CPUParticles2D" parent="."]
z_index = 1
emitting = false
amount = 100
lifetime = 0.6
one_shot = true
speed_scale = 1.5
texture = ExtResource( 6 )
emission_shape = 1
emission_sphere_radius = 2.0
spread = 180.0
gravity = Vector2( 0, 0 )
initial_velocity = 200.0
initial_velocity_random = 0.5
linear_accel_random = 0.2
linear_accel_curve = SubResource( 17 )
scale_amount_curve = SubResource( 18 )
color_ramp = SubResource( 19 )

[node name="MainExplosion" type="CPUParticles2D" parent="."]
material = SubResource( 20 )
emitting = false
amount = 400
lifetime = 1.2
speed_scale = 1.5
explosiveness = 0.5
texture = ExtResource( 8 )
emission_shape = 1
emission_sphere_radius = 2.0
spread = 180.0
gravity = Vector2( 0, 0 )
initial_velocity = 100.0
initial_velocity_random = 0.5
linear_accel = 100.0
linear_accel_random = 0.2
linear_accel_curve = SubResource( 21 )
scale_amount_random = 1.0
scale_amount_curve = SubResource( 22 )
color_ramp = SubResource( 23 )

[node name="MainExplosion2" type="CPUParticles2D" parent="."]
show_behind_parent = true
material = SubResource( 20 )
emitting = false
amount = 300
lifetime = 1.2
speed_scale = 1.5
explosiveness = 0.5
texture = ExtResource( 8 )
emission_shape = 1
emission_sphere_radius = 2.0
spread = 180.0
gravity = Vector2( 0, 0 )
initial_velocity = 100.0
initial_velocity_random = 0.5
linear_accel = 100.0
linear_accel_random = 0.2
linear_accel_curve = SubResource( 21 )
scale_amount_random = 1.0
scale_amount_curve = SubResource( 22 )
color_ramp = SubResource( 23 )

[node name="SmokeLayer" type="CPUParticles2D" parent="."]
self_modulate = Color( 1, 1, 1, 0.121569 )
show_behind_parent = true
z_index = 1
emitting = false
amount = 500
lifetime = 0.8
speed_scale = 1.5
explosiveness = 0.8
texture = ExtResource( 9 )
emission_shape = 1
emission_sphere_radius = 2.0
spread = 180.0
gravity = Vector2( 0, 0 )
initial_velocity = 80.0
initial_velocity_random = 0.5
orbit_velocity = 0.15
orbit_velocity_random = 1.0
linear_accel = 100.0
linear_accel_random = 0.5
linear_accel_curve = SubResource( 24 )
scale_amount_random = 1.0
scale_amount_curve = SubResource( 25 )
color_ramp = SubResource( 26 )

[node name="Smoke" type="CPUParticles2D" parent="."]
self_modulate = Color( 1, 1, 1, 0.827451 )
show_behind_parent = true
emitting = false
amount = 500
lifetime = 0.8
speed_scale = 1.5
explosiveness = 0.8
texture = ExtResource( 9 )
emission_shape = 1
emission_sphere_radius = 2.0
spread = 180.0
gravity = Vector2( 0, 0 )
initial_velocity = 80.0
initial_velocity_random = 0.5
orbit_velocity = 0.15
orbit_velocity_random = 1.0
linear_accel = 100.0
linear_accel_random = 0.5
linear_accel_curve = SubResource( 24 )
scale_amount_random = 1.0
scale_amount_curve = SubResource( 25 )
color_ramp = SubResource( 26 )

[node name="Fire" type="CPUParticles2D" parent="."]
modulate = Color( 1, 1, 1, 0 )
emitting = false
amount = 5000
preprocess = 1.0
speed_scale = 2.5
texture = ExtResource( 7 )
emission_shape = 2
emission_rect_extents = Vector2( 10, 10 )
direction = Vector2( 0, 0 )
spread = 180.0
gravity = Vector2( 0, 0 )
initial_velocity = 800.0
linear_accel = 600.0
angle = 45.0
angle_random = 0.5
scale_amount = 2.0
scale_amount_curve = SubResource( 27 )
color_ramp = SubResource( 28 )

[node name="LevelUpParticles" type="CPUParticles2D" parent="."]
position = Vector2( 0, 59.7089 )
scale = Vector2( 0.5, 0.5 )
z_index = 1
emitting = false
amount = 300
speed_scale = 5.0
texture = ExtResource( 10 )
emission_shape = 2
emission_rect_extents = Vector2( 85, 18 )
direction = Vector2( 0, -1 )
spread = 0.0
gravity = Vector2( 0, 0 )
initial_velocity = 150.0
linear_accel = 300.0
angle = 45.0
angle_random = 0.5
scale_amount = 0.5
scale_amount_curve = SubResource( 29 )
color_ramp = SubResource( 30 )

[node name="Node2D" type="Node2D" parent="."]
show_behind_parent = true

[node name="Outer" type="CPUParticles2D" parent="Node2D"]
emitting = false
amount = 200
preprocess = 1.0
speed_scale = 2.5
texture = ExtResource( 7 )
emission_shape = 2
emission_rect_extents = Vector2( 5, 18 )
spread = 0.0
gravity = Vector2( 0, 0 )
initial_velocity = 50.0
linear_accel = 350.0
angle = 45.0
angle_random = 0.5
scale_amount_curve = SubResource( 31 )
color_ramp = SubResource( 32 )

[node name="Inner" type="CPUParticles2D" parent="Node2D"]
emitting = false
amount = 200
preprocess = 1.0
speed_scale = 2.5
texture = ExtResource( 7 )
emission_shape = 2
emission_rect_extents = Vector2( 5, 18 )
spread = 0.0
gravity = Vector2( 0, 0 )
initial_velocity = 50.0
linear_accel = 350.0
angle = 45.0
angle_random = 0.5
scale_amount = 0.4
scale_amount_curve = SubResource( 33 )
color_ramp = SubResource( 34 )

[node name="SoundPlayer" type="AudioStreamPlayer2D" parent="."]
pause_mode = 2

[node name="VoicePlayer" type="AudioStreamPlayer2D" parent="."]
pause_mode = 2

[node name="SoundPlayerMovement" type="AudioStreamPlayer2D" parent="."]
[connection signal="animation_finished" from="Anim" to="." method="OnAnimAnimationFinished"]
