[gd_scene load_steps=14 format=2]

[ext_resource path="res://addons/Effects/Explosion/ExplodeParticle.png" type="Texture" id=1]
[ext_resource path="res://addons/Effects/Explosion/Smoke.png" type="Texture" id=2]
[ext_resource path="res://addons/Effects/Explosion/Explosion.cs" type="Script" id=3]

[sub_resource type="CanvasItemMaterial" id=1]
blend_mode = 1

[sub_resource type="Curve" id=2]
min_value = -200.0
max_value = 500.0
_data = [ Vector2( 0, 353.796 ), 0.0, 5413.33, 0, 0, Vector2( 0.350575, 45.4915 ), -499.98, -499.98, 0, 0, Vector2( 1, -3.59943 ), 0.0, 0.0, 0, 0 ]

[sub_resource type="Curve" id=3]
min_value = 0.25
_data = [ Vector2( 0, 0.99665 ), 0.0, -0.0191349, 0, 0, Vector2( 0.994253, 0.260286 ), -0.412648, 0.0, 0, 0 ]

[sub_resource type="Gradient" id=4]
offsets = PoolRealArray( 0, 0.205298, 0.443709, 1 )
colors = PoolColorArray( 1, 1, 1, 1, 1, 0.941176, 0, 1, 1, 0.470588, 0, 1, 1, 0.309804, 0, 1 )

[sub_resource type="CanvasItemMaterial" id=5]
blend_mode = 1

[sub_resource type="Curve" id=6]
max_value = 300.0
_data = [ Vector2( 0, 247.49 ), 0.0, 5852.73, 0, 0, Vector2( 0.137931, 0 ), -5970.75, 1.16, 0, 1, Vector2( 1, 1 ), 0.0, 0.0, 0, 0 ]

[sub_resource type="Curve" id=7]
min_value = 0.25
max_value = 1.5
_data = [ Vector2( 0.00574712, 1.5 ), 0.0, -1.42316, 0, 0, Vector2( 1, 0.813214 ), 0.0, 0.0, 0, 0 ]

[sub_resource type="Curve" id=8]
min_value = -200.0
max_value = 300.0
_data = [ Vector2( 0, 194.508 ), 0.0, 1397.21, 0, 0, Vector2( 0.41954, -113.636 ), -2987.88, -14.3009, 0, 1, Vector2( 0.994253, -121.855 ), 0.0, 0.0, 0, 0 ]

[sub_resource type="Curve" id=9]
max_value = 3.0
_data = [ Vector2( 0, 1.46332 ), 0.0, 0.0, 0, 0, Vector2( 0.988506, 3 ), 2.49761, 0.0, 0, 0 ]

[sub_resource type="Gradient" id=10]
offsets = PoolRealArray( 0, 0.0529801, 1 )
colors = PoolColorArray( 1, 1, 1, 0, 1, 1, 1, 1, 0.992157, 0.992157, 0.992157, 0.133333 )

[node name="Explosion" type="Node2D"]
position = Vector2( 302.906, 441.886 )
script = ExtResource( 3 )
__meta__ = {
"_edit_group_": true
}

[node name="MainExplosion" type="CPUParticles2D" parent="."]
material = SubResource( 1 )
emitting = false
amount = 200
lifetime = 0.6
one_shot = true
explosiveness = 0.5
texture = ExtResource( 1 )
emission_shape = 1
emission_sphere_radius = 2.0
spread = 180.0
gravity = Vector2( 0, 0 )
initial_velocity = 100.0
initial_velocity_random = 0.5
linear_accel = 100.0
linear_accel_random = 0.2
linear_accel_curve = SubResource( 2 )
scale_amount_random = 1.0
scale_amount_curve = SubResource( 3 )
color_ramp = SubResource( 4 )

[node name="ExplosionLayer" type="CPUParticles2D" parent="MainExplosion"]
material = SubResource( 5 )
emitting = false
amount = 10
lifetime = 0.6
one_shot = true
explosiveness = 0.8
texture = ExtResource( 1 )
emission_shape = 1
emission_sphere_radius = 1.0
spread = 180.0
gravity = Vector2( 0, 0 )
initial_velocity = 100.0
initial_velocity_random = 0.3
linear_accel = 100.0
linear_accel_random = 0.4
linear_accel_curve = SubResource( 6 )
scale_amount_random = 1.0
scale_amount_curve = SubResource( 7 )
color_ramp = SubResource( 4 )

[node name="Smoke" type="CPUParticles2D" parent="MainExplosion"]
self_modulate = Color( 1, 1, 1, 0.827451 )
show_behind_parent = true
emitting = false
amount = 500
lifetime = 0.8
one_shot = true
speed_scale = 1.5
explosiveness = 0.8
texture = ExtResource( 2 )
emission_shape = 1
emission_sphere_radius = 2.0
spread = 180.0
gravity = Vector2( 0, 0 )
initial_velocity = 80.0
initial_velocity_random = 0.5
orbit_velocity = 0.15
orbit_velocity_random = 1.0
linear_accel = 100.0
linear_accel_random = 0.5
linear_accel_curve = SubResource( 8 )
scale_amount_random = 1.0
scale_amount_curve = SubResource( 9 )
color_ramp = SubResource( 10 )

[node name="SmokeLayer" type="CPUParticles2D" parent="MainExplosion"]
self_modulate = Color( 1, 1, 1, 0.121569 )
show_behind_parent = true
z_index = 1
emitting = false
amount = 500
lifetime = 0.8
one_shot = true
speed_scale = 1.5
explosiveness = 0.8
texture = ExtResource( 2 )
emission_shape = 1
emission_sphere_radius = 2.0
spread = 180.0
gravity = Vector2( 0, 0 )
initial_velocity = 80.0
initial_velocity_random = 0.5
orbit_velocity = 0.15
orbit_velocity_random = 1.0
linear_accel = 100.0
linear_accel_random = 0.5
linear_accel_curve = SubResource( 8 )
scale_amount_random = 1.0
scale_amount_curve = SubResource( 9 )
color_ramp = SubResource( 10 )

[node name="DeathTimer" type="Timer" parent="."]
wait_time = 5.0
one_shot = true
[connection signal="timeout" from="DeathTimer" to="." method="OnDeathTimerTimeout"]
